
@book{edwards1994,
  title = {{{PGN Standard}}},
  author = {Edwards, Steven J.},
  date = {1994-03-12},
  url = {http://archive.org/details/pgn-standard-1994-03-12},
  urldate = {2020-09-10},
  abstract = {Portable Game Notation Specification and Implementation Guide},
  keywords = {chess},
  langid = {english}
}

@book{kasparov2018,
  title = {Deep Thinking: Where Machine Intelligence Ends and Human Creativity Begins},
  shorttitle = {Deep Thinking},
  author = {Kasparov, Garry and Greengard, Mig},
  date = {2018},
  annotation = {OCLC: 1083948333},
  isbn = {978-1-4736-5351-1},
  langid = {english}
}

@software{roy2020,
  title = {Chessputzer},
  author = {Roy, Abhishek},
  date = {2020-07-12T17:29:53Z},
  origdate = {2017-11-16T13:25:09Z},
  url = {https://github.com/metterklume/chessputzer},
  urldate = {2020-09-11},
  abstract = {Image recognition for chess positions. Contribute to metterklume/chessputzer development by creating an account on GitHub.}
}

@software{sameer2020,
  title = {Tensorflow\_chessbot},
  author = {Sameer, Ansari},
  date = {2020-09-06T06:59:21Z},
  origdate = {2016-02-08T09:52:24Z},
  url = {https://github.com/Elucidation/tensorflow_chessbot},
  urldate = {2020-09-11},
  abstract = {Predict chessboard FEN layouts from images using TensorFlow},
  keywords = {chess,chessboard,chessboard-detection,chessboard-recognition,tensorflow,tensorflow-examples,tensorflow-tutorials}
}


